<record><leader>00000cas a22000007a 4500</leader><controlfield tag="001">36710571</controlfield><controlfield tag="008">970409d19871997okuwr n       0    0eng d</controlfield><datafield ind1=" " ind2=" " tag="010"><subfield code="a">sn 97064806 </subfield></datafield><datafield ind1=" " ind2=" " tag="040"><subfield code="a">OBN</subfield><subfield code="b">eng</subfield><subfield code="c">OBN</subfield><subfield code="d">OCLCQ</subfield><subfield code="d">OCLCF</subfield><subfield code="d">OCLCO</subfield></datafield><datafield ind1="1" ind2=" " tag="029"><subfield code="a">AU@</subfield><subfield code="b">000013197206</subfield></datafield><datafield ind1=" " ind2=" " tag="042"><subfield code="a">msc</subfield></datafield><datafield ind1="0" ind2="4" tag="245"><subfield code="a">The Sayre record.</subfield></datafield><datafield ind1=" " ind2=" " tag="260"><subfield code="a">Sayre, Okla. :</subfield><subfield code="b">Brad and Dayva Spitzer</subfield></datafield><datafield ind1=" " ind2=" " tag="300"><subfield code="a">v.</subfield></datafield><datafield ind1=" " ind2=" " tag="310"><subfield code="a">Weekly</subfield></datafield><datafield ind1="0" ind2=" " tag="362"><subfield code="a">Vol. 1, no. 1 (Aug. 12, 1987)-v. 10, no. 52 (July 30, 1997).</subfield></datafield><datafield ind1=" " ind2="0" tag="651"><subfield code="a">Sayre (Okla.)</subfield><subfield code="v">Newspapers.</subfield></datafield><datafield ind1=" " ind2="0" tag="651"><subfield code="a">Beckham County (Okla.)</subfield><subfield code="v">Newspapers.</subfield></datafield><datafield ind1=" " ind2="7" tag="655"><subfield code="a">Newspapers.</subfield><subfield code="2">fast</subfield><subfield code="0">(OCoLC)fst01423814</subfield></datafield><datafield ind1=" " ind2="7" tag="651"><subfield code="a">Oklahoma</subfield><subfield code="z">Beckham County.</subfield><subfield code="2">fast</subfield><subfield code="0">(OCoLC)fst01216113</subfield></datafield><datafield ind1=" " ind2="7" tag="651"><subfield code="a">Oklahoma</subfield><subfield code="z">Sayre.</subfield><subfield code="2">fast</subfield><subfield code="0">(OCoLC)fst01220628</subfield></datafield><datafield ind1=" " ind2=" " tag="752"><subfield code="a">United States</subfield><subfield code="b">Oklahoma</subfield><subfield code="c">Beckham</subfield><subfield code="d">Sayre.</subfield></datafield><datafield ind1="0" ind2="7" tag="785"><subfield code="t">Erick Beckham County democrat</subfield><subfield code="w">(DLC)sn 97064817</subfield><subfield code="w">(OCoLC)36711771</subfield></datafield><datafield ind1="0" ind2="7" tag="785"><subfield code="t">Sayre record &amp; Beckham County democrat</subfield><subfield code="w">(DLC)sn 97070387</subfield><subfield code="w">(OCoLC)37893200</subfield></datafield></record>